@article{Lodeiro_Santiago_2017,
   title={Secure system based on UAV and BLE for improving SAR missions},
   volume={11},
   ISSN={1868-5145},
   url={http://dx.doi.org/10.1007/s12652-017-0603-4},
   DOI={10.1007/s12652-017-0603-4},
   number={8},
   journal={Journal of Ambient Intelligence and Humanized Computing},
   publisher={Springer Science and Business Media LLC},
   author={Lodeiro-Santiago, Moisés and Santos-González, Iván and Caballero-Gil, Pino and Caballero-Gil, Cándido},
   year={2017},
   month=oct, pages={3109–3120} }